
@book{bass2003software,
  title={Software architecture in practice},
  author={Bass, Len and Clements, Paul and Kazman, Rick},
  year={2003},
  publisher={Addison-Wesley Professional}
}

@online{snyk,
  author = {{Snyk}},
  title = {Open Source Security management},
  urldate = {18-05-23},
  url = {https://snyk.io/product/open-source-security-management/}
}

@online{ddos_digitalocean,
  author = {{Digital Ocean}},
  title = {DDoS},
  urldate = {18-05-23},
  url = {https://docs.digitalocean.com/glossary/ddos-attack/}
}

@online{github_flow, 
  author = {{GitHub}},
  title = {Github Flow},
  urldate = {19-05-23},
  url={https://docs.github.com/en/get-started/quickstart/github-flow}, 
} 

@online{owasp_zap,
  author = {{ZAP}},
  title = {OWASP Zed Attack Proxy (ZAP)},
  urldate = {19-05-23},
  url = {https://www.zaproxy.org/}
}

@online{helmet,
  author = {{Helmet}},
  title = {Get Started},
  urldate = {19-05-23},
  url = {https://helmetjs.github.io/}
}

@online{docker_swarm,
  author = {{Docker Swarm}},
  title = {Swarm Mode Overview},
  urldate = {22-05-23},
  url = {https://docs.docker.com/engine/swarm/}
}

@online{terraform,
  author = {{Terraform}},
  title = {Automate Infrastructure on Any Cloud},
  urldate = {22-05-23},
  url = {https://developer.hashicorp.com/terraform}
}

@article{christensen2016_uml,
  title={The 3+ 1 Approach to Software Architecture Description Using UML Revision 2.4},
  author={Christensen, Henrik B{\ae}rbak and Corry, Aino and Hansen, Klaus Marius},
  journal={Workingpaper, {\AA}rhus Universitetsforlag},
  year={2016}
}

@online{codebase_visualizer,
  author = {Amelia Wattenberger},
  title = {Visualizing a Codebase},
  urldate = {23-05-23},
  url = {https://githubnext.com/projects/repo-visualization/}
}

@book{kim2021devops,
  title={The DevOps handbook: How to create world-class agility, reliability, \& security in technology organizations},
  author={Kim, Gene and Humble, Jez and Debois, Patrick and Willis, John and Forsgren, Nicole},
  year={2021},
  publisher={IT Revolution}
}
@inproceedings{jabbari2016devops,
  title={What is DevOps? A systematic mapping study on definitions and practices},
  author={Jabbari, Ramtin and bin Ali, Nauman and Petersen, Kai and Tanveer, Binish},
  booktitle={Proceedings of the Scientific Workshop Proceedings of XP2016},
  pages={1--11},
  year={2016}
}

@online{github_flow,
  author = {GitHub},
  title = {GitHub flow},
  urldate = {23-05-23},
  url = {https://docs.github.com/en/get-started/quickstart/github-flow}
}

@online{winston,
  author = {Winston},
  title = {winstonjs},
  urldate = {23-05-23},
  url = {https://github.com/winstonjs/winston}
}

@misc{choosealicense, title={Existing projects and Communities}, url={https://choosealicense.com/community/}, journal={Choose a License}, author={Github}} 

